@article{khan2017machine,
  title={Machine Translation Approaches and Survey for Indian Languages},
  author={Khan, Nadeem Jadoon and Anwar, Waqas and Durrani, Nadir},
  journal={arXiv preprint arXiv:1701.04290},
  year={2017}
}

@article{das2023statistical,
  title={Statistical Machine Translation for Indic Languages},
  author={Das, Sudhansu Bala and Panda, Divyajoti and Mishra, Tapas Kumar and Patra, Bidyut Krishna},
  journal={arXiv preprint arXiv:2301.00539},
  year={2023}
}